@article{Cormen,
  title={Algoritmos: teoria e pr{\'a}tica},
  author={Cormen, Thomas H and Leiserson, Charles E and Rivest, Ronald L and Stein, Clifford},
  journal={Editora Campus},
  volume={2},
  pages={296},
  year={2002}
}